<?xml version="1.0" encoding="UTF-8"?><collection xmlns="http://www.loc.gov/MARC21/slim"><record><leader>00323nam--2200121-i-4500</leader><controlfield tag="001">000042927</controlfield><controlfield tag="002">20161230</controlfield><controlfield tag="005">20161230201043</controlfield><controlfield tag="008">060222s1000------------r-----000-0-eng-d</controlfield><datafield ind1=" " ind2=" " tag="100"><subfield code="a">Stewart,Ross</subfield></datafield><datafield ind1=" " ind2=" " tag="245"><subfield code="a">Oxidation mechanisms. applications to organic chemistry. xi + 179 p</subfield></datafield><datafield ind1=" " ind2=" " tag="260"><subfield code="a">Frontiers In Chemistry</subfield></datafield><datafield ind1=" " ind2=" " tag="852"><subfield code="a">15253</subfield></datafield></record></collection>